@book{PF,
    author = "David Wood, José Medina John Wiley \& Sons",
    publisher = "Blackwell Publishing",
    title  = "Truth",
    year   = "2005",
    pages  = "146-156",
}

@article{JMorgan,
    author  = "Gregory J. Morgan",
    title   = "The Value of Beauty in Theory Pursuit: Kuhn, Duhem, and Decision Theory",
    journal = "Open Journal of Philosophy",
    volume  = "3",
    year    = "2013",
    number  = "1",
    pages   = "9-14",
}

@book{McAllister96,
    author = "McAllister J.",
    title  = "Beauty and revolution in science",
    publisher =  "Ithaca: Cornell University Press",
    year   = "1996",
}

@article{McAllister98,
    author  = "McAllister J.",
    title   = "Is beauty a sign of truth in scientific theories",
    journal = "American Scientist",
    year    = "1998",
    pages   = "86, 174-183",
}

@book{Personell,
    author = "Craig R. Wood, et. all",
    title  = "Principles of School Business Management",
    publisher = "R\&L Education",
    year   = "2015",
    pages  = "8-20, 8-21, 8-22",
}

@article{KvsI,
    author  = "Anthony Liew, Walden University",
    title   = "Understanding Data, Information, Knowledge And Their Inter-Relationships",
    journal = "Journal of Knowledge Management Practice",
    volume  = "8",
    number  = "2",
    year    = "2007",
}

@article{1,
    author  = "Michael Cohen, James G. March, Johan P. Olsen",
    year    = "1972",
    title   = "A Garbage Can Model of Organizational Choice",
    journal = "Administrative Science Quarterly",
    volume  = "17",
    number  = "1",
    pages   = "1-25",
}

@article{2,
    author  = "March, J. G.",
    year    = "1991",
    title   = "How decisions happen in organizations",
    journal = "Human-Computer Interaction",
    volume  = "6",
    number  = "2",
    pages   = "95-117",
}

@book{3,
    author = "Richard Daft",
    year   = "1982",
    title  = "Organization Theory and Design",
    pages  = "139",
}

@article{4,
    title = "The uncertainty of the past: organizational learning under ambiguity",
    author = "March, Olsen",
    year = "1975",
    journal = "European Journal of Political Research",
    volume = "3",
    number = "2",
    pages = "147-171",
}

@book{5,
    title  ="The Oxford Handbook of Innovation",
    author = "Jan Fagerberg",
    year   = "2004",
    pages  = "130",
}

@article{6,
    author = "March, J.G.",
    year = "2006",
    title = "Rationality, foolishness, and adaptive intelligence",
    journal = "Strategic Management Journal",
    volume = "27",
    pages = "201-214"
}

@article{7,
    author = "March, J.G., Shapira, Z.",
    year = "1987",
    title = "Managerial perspective on risk and risk taking",
    journal = "Management Science",
    volume = "33",
    pages = "1404-1418",
}

@book{8,
    author = "Shapira, Z.",
    year = "1995",
    title = "Risk taking: a managerial perspective",
    publisher = "Russell Sage",
    address = "New York",
}

@book{9,
    author = "March, J. G.",
    year = "1988",
    title = "Decisions and organizations",
    publisher = "Basil Blackwell",
    address = "Oxford",
}

@incollection{10,
    author = "Callon M.",
    title = "Some elements of a sociology of translation: domestication of the scallops and the fishermen of St Brieuc Bay",
    booktitle ="J. Law, Power, action and belief: a new sociology of knowledge?",
    publisher = "Routledge",
    address = "London",
    year = "1986",
    pages = "196-223",
}

@misc{11,
    title = "oxforddictionaries",
    howpublished = "\url{http://www.oxforddictionaries.com/definition/english/agnostic}",
    author = "Oxford University",
    year = "2016",
}

@incollection{12,
    title = "The story of social identity",
    author = "Turner, J. C. \& Reynolds, K. J.",
    year = "2010",
    booktitle = "T. Postmes \& N. Branscombe (Eds). Rediscovering Social Identity: Core Sources.",
    publisher = "Psychology Press.",
}

@article{13,
    title = "Organizational Slack",
    author = "B. Näslund",
    year = "1964",
    pages = "26",
    journal = "Ekonomisk Tidskrift",
    volume = "66",
    number = "1",
}
